<record><leader>00000cas a22000007a 4500</leader><controlfield tag="001">14702020</controlfield><controlfield tag="008">861112d18uu1908inuwr ne      0    0eng d</controlfield><datafield ind1=" " ind2=" " tag="010"><subfield code="a">sn 86058931 </subfield></datafield><datafield ind1=" " ind2=" " tag="040"><subfield code="a">NPI</subfield><subfield code="b">eng</subfield><subfield code="c">NPI</subfield><subfield code="d">DLC</subfield><subfield code="d">NPI</subfield><subfield code="d">OCLCQ</subfield></datafield><datafield ind1=" " ind2=" " tag="042"><subfield code="a">msc</subfield></datafield><datafield ind1="0" ind2=" " tag="130"><subfield code="a">Huntington herald (Huntington, Ind. : Mid-weekly ed.)</subfield></datafield><datafield ind1="1" ind2="0" tag="245"><subfield code="a">Huntington herald.</subfield></datafield><datafield ind1=" " ind2=" " tag="250"><subfield code="a">Mid-weekly ed.</subfield></datafield><datafield ind1=" " ind2=" " tag="260"><subfield code="a">Huntington, Ind. :</subfield><subfield code="b">[s.n.]</subfield></datafield><datafield ind1=" " ind2=" " tag="300"><subfield code="a">v.</subfield></datafield><datafield ind1=" " ind2=" " tag="310"><subfield code="a">Weekly</subfield></datafield><datafield ind1=" " ind2=" " tag="580"><subfield code="a">Daily ed.: Evening herald (Huntington, Ind.).</subfield></datafield><datafield ind1=" " ind2=" " tag="588"><subfield code="a">Description based on: May 5, 1891.</subfield></datafield><datafield ind1=" " ind2=" " tag="752"><subfield code="a">United States</subfield><subfield code="b">Indiana</subfield><subfield code="c">Huntington</subfield><subfield code="d">Huntington.</subfield></datafield><datafield ind1="1" ind2=" " tag="775"><subfield code="t">Evening herald (Huntington, Ind.)</subfield><subfield code="w">(DLC)sn 86058800</subfield><subfield code="w">(OCoLC)14510855</subfield></datafield></record>